@misc{REF:1,
   author = "Wikipedia",
   title = "\href{https://en.wikipedia.org/w/index.php?title=Named-entity_recognition&oldid=772509096}{Named-entity recognition --- Wikipedia{,} The Free Encyclopedia}",
   year = "2017",
   url = "\url{https://en.wikipedia.org/w/index.php?title=Named-entity_recognition&oldid=772509096}",
   note = "[Online; accessed 3-May-2017]"
 },

@misc{REF:2,
   author = "Wikipedia",
   title = "\href{https://en.wikipedia.org/w/index.php?title=Tokenization_(lexical_analysis)&oldid=759379009}{Tokenization (lexical analysis) --- Wikipedia{,} The Free Encyclopedia}",
   year = "2017",
   url = "\url{https://en.wikipedia.org/w/index.php?title=Tokenization_(lexical_analysis)&oldid=759379009}",
   note = "[Online; accessed 3-May-2017]"
 },

@misc{REF:3,
   author = "Wikipedia",
   title = "\href{https://en.wikipedia.org/w/index.php?title=Part-of-speech_tagging&oldid=768690368}{Part-of-speech tagging --- Wikipedia{,} The Free Encyclopedia}",
   year = "2017",
   url = "\url{https://en.wikipedia.org/w/index.php?title=Part-of-speech_tagging&oldid=768690368}",
   note = "[Online; accessed 3-May-2017]"
 },

@misc{REF:4,
   author = "StackOverflow",
   title = "\href{http://stackoverflow.com/questions/1598940/in-natural-language-processing-what-is-the-purpose-of-chunking}{In Natural language processing, what is the purpose of chunking?}",
   year = "2017",
   url = "\url{http://stackoverflow.com/questions/1598940/in-natural-language-processing-what-is-the-purpose-of-chunking}",
   note = "[Online; accessed 3-May-2017]"
 },

@misc{REF:5,
   author = "David D. Lewis",
   title = "\href{http://www.daviddlewis.com/resources/testcollections/reuters21578/}{Reuters-21578}",
   year = "2017",
   url = "\url{http://www.daviddlewis.com/resources/testcollections/reuters21578/}",
   note = "[Online; accessed 3-May-2017]"
 },

@misc{REF:6,
   author = "Wikipedia",
   title = "\href{https://en.wikipedia.org/w/index.php?title=Support_vector_machine&oldid=777471375}{Support vector machine --- Wikipedia{,} The Free Encyclopedia}",
   year = "2017",
   url = "\url{https://en.wikipedia.org/w/index.php?title=Support_vector_machine&oldid=777471375}",
   note = "[Online; accessed 3-May-2017]"
 },

@misc{REF:7,
   author = "Takaya",
   title = "\href{https://classeval.wordpress.com/introduction/introduction-to-the-precision-recall-plot/}{Introduction to the precision-recall plot}",
   year = "2017",
   url = "\url{https://classeval.wordpress.com/introduction/introduction-to-the-precision-recall-plot/}",
   note = "[Online; accessed 3-May-2017]"
 },

@misc{REF:8,
   author = "Karan Chopra",
   title = "\href{https://github.com/kchopra456/Reuters-21578}{A One-VS-Rest SVM classification for documents in Reuters-21578 Data set}",
   year = "2017",
   url = "\url{https://github.com/kchopra456/Reuters-21578}",
   note = "[Online; accessed 3-May-2017]"
 },

@misc{REF:9,
   author = "Steven Bird, Ewan Klein and Edward Loper",
   title = "\href{http://www.nltk.org/book/ch07.html}{Natural Language Processing with Python}",
   year = "2017",
   url = "\url{http://www.nltk.org/book/ch07.html}",
   note = "[Online; accessed 3-May-2017]"
 }